
@article{CMS:mt22015,
      author         = {{CMS Collaboration}},
      title          = "{Search for new physics with the $M_\mathrm{T2}$ variable in all-jets
                         final states produced in
                         pp collisions at $\sqrt{s}=13~\mathrm{TeV}$}",
      journal        = "J. High Energy. Phys.",
      volume         = "",
      year           = "2016",
      number         = "6",
      pages          = "",
      doi            = "10.1007/JHEP10(2016)006",
      eprint         = "1603.04053",
      archivePrefix  = "arXiv",
      primaryClass   = "hep-ex",
      reportNumber   = "CMS-SUS-15-003",
}

@article{CMS:mt22016,
      author         = {{CMS Collaboration}},
      title          = "{Search for new phenomena with the $M_\mathrm{T2}$ variable in the
                         all-hadronic final state produced in
                         proton-proton collisions at $\sqrt{s}=13~\mathrm{TeV}$}",
      journal        = "Eur. Phys. J.",
      volume         = "C77",
      year           = "2017",
      number         = "10",
      pages          = "710",
      doi            = "10.1140/epjc/s10052-017-5267-x",
      eprint         = "1705.04650",
      archivePrefix  = "arXiv",
      primaryClass   = "hep-ex",
      reportNumber   = "CMS-SUS-16-036",
}
